@unpublished{Copestake2010:nlp_lecture,
  author={Ann Copestake},
  title={Natural Language Processing},
  note={Lecture notes},
  year={2010}
}

@inproceedings{Briggs2011:collaboration,
  author={Briggs, Gordon and Scheutz, Matthias},
  title={Facilitating mental modeling in collaborative human-robot interaction through adverbial cues},
  booktitle={Proceedings of the SIGDIAL 2011 Conference},
  year={2011},
  pages={239--247},
  organization={Association for Computational Linguistics}
}

@article{Pulman1991:chartparsing,
  author={Pulman, Stephen G},
  title={Basic Parsing Techniques: an introductory survey},
  year={1991}
}

@article{Charniak1997:statistical_nlp,
  author={Charniak, Eugene},
  title={Statistical techniques for natural language parsing},
  journal={AI magazine},
  year={1997},
  volume={18},
  number={4},
  pages={33}
}

@article{Scheutz2011:dialogue,
  author={Matthias Scheutz AND Rehj Cantrell AND Paul Schermerhorn},
  title={Toward Humanlike Task-Based Dialogue Processing for Human Robot Interaction},
  journal={AAAI Magazine},
  year={2011},
  volume={32(4)},
  number={77}
}

@article{Huang2010:nlp_overview,
  author={Huang, XD and Deng, L.},
  title={An overview of modern speech recognition},
  journal={Handbook of Natural Language Processing},
  year={2010}
}

@article{Qu2010:context_based,
  author={Qu, S. and Chai, J.Y.},
  title={Context-based word acquisition for situated dialogue in a virtual world},
  journal={Journal of Artificial Intelligence Research},
  year={2010},
  volume={37},
  number={1},
  pages={247--278}
}

@inproceedings{Qu2007:eye_gaze,
  author={Qu, S. and Chai, J.Y.},
  title={An exploration of eye gaze in spoken language processing for multimodal conversational interfaces},
  booktitle={Proceedings of the Conference of the North America Chapter of the Association of Computational Linguistics},
  year={2007},
  pages={284--291}
}

@article{Baum1970:maximization,
  author={Baum, Leonard E and Petrie, Ted and Soules, George and Weiss, Norman},
  title={A maximization technique occurring in the statistical analysis of probabilistic functions of Markov chains},
  journal={The annals of mathematical statistics},
  year={1970},
  pages={164--171}
}

@article{Brown2011:perspective-taking,
  author={Brown-Schmidt, Sarah and Hanna, Joy E},
  title={Talking in another person’s shoes: Incremental perspective-taking in language processing},
  journal={Dialogue \& Discourse},
  year={2011},
  volume={2},
  number={1},
  pages={11--33}
}

@article{Brennan2010:dialog,
  author={Brennan, Susan E and Galati, Alexia and Kuhlen, Anna K},
  title={Two minds, one dialog: Coordinating speaking and understanding},
  journal={Psychology of Learning and Motivation},
  year={2010},
  volume={53},
  pages={301--344}
}

@article{Hanna2007:gaze,
  author={Hanna, Joy E and Brennan, Susan E},
  title={Speakers’ eye gaze disambiguates referring expressions early during face-to-face conversation},
  journal={Journal of Memory and Language},
  year={2007},
  volume={57},
  number={4},
  pages={596--615}
}

@inproceedings{Glass1999:dialogue-challenges,
  author={Glass, James},
  title={Challenges for spoken dialogue systems},
  booktitle={Proceedings of the 1999 IEEE ASRU Workshop},
  year={1999}
}

@article{Lee2010:dialog-management,
  author={Lee, Cheongjae and Jung, Sangkeun and Kim, Kyungduk and Lee, Donghyeon and Lee, Gary Geunbae},
  title={Recent Approaches to Dialog Management for Spoken Dialog Systems},
  journal={Journal of Computing Science and Engineering},
  year={2010},
  volume={4},
  number={1},
  pages={1--22}
}

@inproceedings{Young2013:dialog-pomdp,
  author={Young, S. and Gašić, M. and Thomson, B. and Williams, J. D.},
  title={POMDP-Based Statistical Spoken Dialog Systems: A Review},
  year={2013},
  volume={PP},
  number={99},
  pages={1-20}
}

@article{Bos2011:semantics-survey,
  author={Bos, Johan},
  title={A Survey of Computational Semantics: Representation, Inference and Knowledge in Wide-Coverage Text Understanding},
  journal={Language and Linguistics Compass},
  year={2011},
  volume={5},
  number={6},
  pages={336--366}
}

@article{Jurafsky2002:pragmatics,
  author={Jurafsky, Daniel},
  title={Pragmatics and computational linguistics},
  journal={Handbook of Pragmatics. Blackwell, Oxford},
  year={2002}
}

@article{Nivre2007:maltparser,
  author={Nivre, Joakim and Hall, Johan and Nilsson, Jens and Chanev, Atanas and Eryigit, G{\"u}lsen and Kubler, Sandra and Marinov, Svetoslav and Marsi, Erwin},
  title={MaltParser: A language-independent system for data-driven dependency parsing},
  journal={Natural Language Engineering},
  year={2007},
  volume={13},
  number={2},
  pages={95}
}

@article{Mellish2006:language-generation,
  author={Mellish, Chris and Scott, Donia and Cahill, Lynne and Paiva, Daniel and Evans, Roger and Reape, Mike},
  title={A reference architecture for natural language generation systems},
  journal={Natural language engineering},
  year={2006},
  volume={12},
  number={01},
  pages={1--34}
}

@article{Krahmer2012:referring-expressions,
  author={Krahmer, Emiel and Van Deemter, Kees},
  title={Computational generation of referring expressions: A survey},
  journal={Computational Linguistics},
  year={2012},
  volume={38},
  number={1},
  pages={173--218}
}

@phdthesis{Mcconville2001:incremental-ccg,
  author={McConville, Mark},
  title={Incremental natural language understanding with combinatory categorial grammar},
  school={University of Edinburgh},
  year={2001}
}

@article{Frank1990,
  author={Zhang, Y. and Li, X.R.},
  title={Fault diagnosis in dynamic systems using analytical and knowledge-based redundancy: A survey and some new results},
  journal={Automatica},
  year={1990},
  volume={26},
  number={3},
  pages={459--474}
}

@article{Pettersson2005,
  author={Ola Pettersson},
  title={Execution monitoring in robotics: A survey},
  journal={Robotics and Autonomous Systems},
  year={2005},
  volume={53},
  number={2},
  pages={73 - 88}
}

@article{Chandola2009,
  author={Chandola, Varun and Banerjee, Arindam and Kumar, Vipin},
  title={Anomaly detection: a survey},
  journal={ACM Comput. Surv.},
  year={2009},
  volume={41},
  number={3},
  pages={15:1--15:58},
  month={jul}
}

@article{Zolghadri2012,
  author={Ali Zolghadri},
  title={Advanced model-based FDIR techniques for aerospace systems: Today challenges and opportunities},
  journal={Progress in Aerospace Sciences},
  year={2012},
  volume={53},
  number={0},
  pages={18 - 29}
}

@article{Marzat01102012,
  author={Marzat, J and Piet-Lahanier, H and Damongeot, F and Walter, E},
  title={Model-based fault diagnosis for aerospace systems: a survey},
  journal={Proceedings of the Institution of Mechanical Engineers, Part G: Journal of Aerospace Engineering},
  year={2012},
  volume={226},
  number={10},
  pages={1329-1360}
}

@inproceedings{Godary-Dejean2013,
  author={K. Godary-Dejean and D. Crestani},
  title={Fault Tolerance in Control Architectures for Mobile Robots},
  booktitle={IEEE International Conference on Robotics and Automation},
  year={2013}
}

@article{Talebi2009,
  author={Talebi, H.A. and Khorasani, K. and Tafazoli, S.},
  title={A Recurrent Neural-Network-Based Sensor and Actuator Fault Detection and Isolation for Nonlinear Systems With Application to the Satellite's Attitude Control Subsystem},
  journal={Neural Networks, IEEE Transactions on},
  year={2009},
  volume={20},
  number={1},
  pages={45 -60},
  month={jan.}
}

@inproceedings{Li2006,
  author={Li, Z.Q. and Ma, L. and Khorasani, K.},
  title={A Dynamic Neural Network-based Reaction Wheel Fault Diagnosis for Satellites},
  booktitle={Neural Networks, 2006. IJCNN '06. International Joint Conference on},
  year={2006},
  pages={3714 -3721},
  month={0-0}
}

@inproceedings{Joshi2007,
  author={Joshi, A. and Gavriloiu, V. and Barua, A. and Garabedian, A. and Sinha, P. and Khorasani, K.},
  title={Intelligent and learning-based approaches for health monitoring and fault diagnosis of RADARSAT-1 attitude control system},
  booktitle={Systems, Man and Cybernetics, 2007. ISIC. IEEE International Conference on},
  year={2007},
  pages={3177--3183},
  month={oct.}
}

@article{Luo2010,
  author={Jianhui Luo and Namburu, M. and Pattipati, K.R. and Liu Qiao and Chigusa, S.},
  title={Integrated Model-Based and Data-Driven Diagnosis of Automotive Antilock Braking Systems},
  journal={Systems, Man and Cybernetics, Part A: Systems and Humans, IEEE Transactions on},
  year={2010},
  volume={40},
  number={2},
  pages={321 -336},
  month={march}
}

@inproceedings{Nishigori2001,
  author={N. Nishigori and M. Hashimoto and A. Choki and M. Mizutani},
  title={Fully automatic and operator-less anomaly detecting ground support system for mars probe ’nozomi’},
  booktitle={Proc. of the 6th International Symposium on Artificial Intelligence and Robotics and Automation in Space (I-SAIRAS)},
  year={2001}
}

@inproceedings{Jung2012,
  author={Min Yang Jung and Kazanzides, P.},
  title={Fault Detection and Diagnosis for Component-based Robotic Systems},
  booktitle={Technologies for Practical Robot Applications (TePRA), 2012 IEEE International Conference on},
  year={2012},
  pages={1 -6},
  month={april}
}

@article{Allen2012,
  author={Allen, L.V. and Tilbury, D.M.},
  title={Anomaly Detection Using Model Generation for Event-Based Systems Without a Preexisting Formal Model},
  journal={Systems, Man and Cybernetics, Part A: Systems and Humans, IEEE Transactions on},
  year={2012},
  volume={42},
  number={3},
  pages={654 -668},
  month={may}
}

@article{Hsiao2012,
  author={Tesheng Hsiao and Mao-Chiao Weng},
  title={A hierarchical multiple-model approach for detection and isolation of robotic actuator faults},
  journal={Robotics and Autonomous Systems},
  year={2012},
  volume={60},
  number={2},
  pages={154 - 166}
}

@inproceedings{HanYong2004,
  author={Hao HanYong and Sun ZengQi},
  title={Fault detection and isolation of flight based on robust observer},
  booktitle={Fifth World Congress on Intelligent Control and Automation, 2004. WCICA 2004.},
  year={2004},
  volume={2},
  pages={1642 - 1645},
  month={june}
}

@article{Nakamura2013,
  author={Akira Nakamura and  Kazuyuki Nagata and Kensuke Harada and Natsuki Yamanobe and Tokuo Tsuji and Torea Foissotte and Yoshihiro Kawai},
  title={Error Recovery Using Task Stratification and Error Classification for Manipulation Robots in Various Fields},
  journal={2013 IEEE International Conference on Robotics and Automation},
  year={2013}
}

@article{Verma2004:diagnosis,
  author={Verma, V. and Gordon, G. and Simmons, R. and Thrun, S.},
  title={Real-time fault diagnosis},
  journal={Robotics Automation Magazine, IEEE},
  year={2004},
  volume={11},
  number={2},
  pages={56--66},
  month={june}
}

@inproceedings{James2000,
  author={James, M.L. and Dubon, L.P.},
  title={An autonomous diagnostic and prognostic monitoring system for NASA's Deep Space Network},
  booktitle={Aerospace Conference Proceedings, 2000 IEEE},
  year={2000},
  volume={2},
  pages={403 -414 vol.2}
}

@inproceedings{Guillory2006:behaviors,
  author={Guillory, Andrew and Nguyen, Hai and Balch, Tucker and Isbell,Jr., Charles Lee},
  title={Learning executable agent behaviors from observation},
  booktitle={Proceedings of the fifth international joint conference on Autonomous agents and multiagent systems},
  year={2006},
  series={AAMAS '06},
  pages={795--797},
  address={New York, NY, USA},
  publisher={ACM}
}

@inproceedings{Ernits2010:diagnosis,
  author={Ernits, Juhan. and Dearden, Richar. and Pebody, M. and Guggenheim, J.},
  title={Diagnosis of Autosub 6000 using automatically generated software models},
  booktitle={Proc. of the Twenty First International Workshop on Principles of Diagnosis (DX 2010), Portland, OR},
  year={2010},
  pages={1--8}
}

@inproceedings{dearden2010bayesian,
  author={Dearden, R.},
  title={Bayesian fault diagnosis: Common approaches and challenges},
  booktitle={Cognitive Information Processing (CIP), 2010 2nd International Workshop on},
  year={2010},
  pages={215--220},
  organization={IEEE}
}

@book{Blanke2006:diagnosis,
  author={Blanke, Mogens and Kinnaert, Michel and Lunze, Jan and Staroswiecki, Marcel and Schr\"{o}der, J.},
  title={Diagnosis and Fault-Tolerant Control},
  publisher={Springer-Verlag New York, Inc.},
  year={2006},
  address={Secaucus, NJ, USA}
}

@inproceedings{Wu2005:neural,
  author={Wu, Q. and Saif, M.},
  title={Neural adaptive observer based fault detection and identification for satellite attitude control systems},
  booktitle={American Control Conference, 2005. Proceedings of the 2005},
  year={2005},
  pages={1054--1059},
  organization={IEEE}
}

@inproceedings{Wu2005:robust,
  author={Wu, Q. and Saif, M.},
  title={Robust fault diagnosis for satellite attitude systems using neural state space models},
  booktitle={Systems, Man and Cybernetics, 2005 IEEE International Conference on},
  year={2005},
  volume={2},
  pages={1955--1960},
  organization={IEEE}
}

@inproceedings{Wu2005:sliding,
  author={Wu, Q. and Saif, M.},
  title={Robust fault diagnosis for a satellite system using a neural sliding mode observer},
  booktitle={Decision and Control, 2005 and 2005 European Control Conference. CDC-ECC'05. 44th IEEE Conference on},
  year={2005},
  pages={7668--7673},
  organization={IEEE}
}

@inproceedings{Wu2006:robust,
  author={Wu, Q. and Saif, M.},
  title={Robust fault diagnosis for a satellite large angle attitude system using an iterative neuron PID (INPID) observer},
  booktitle={American Control Conference, 2006},
  year={2006},
  pages={6--pp},
  organization={IEEE}
}

@article{Vemuri1998:neural,
  author={Vemuri, A.T. and Polycarpou, M.M. and Diakourtis, S.A.},
  title={Neural network based fault detection in robotic manipulators},
  journal={Robotics and Automation, IEEE Transactions on},
  year={1998},
  volume={14},
  number={2},
  pages={342 -348},
  month={apr}
}

@article{Barua2009,
  author={Barua, A. and Sinha, P. and Khorasani, K.},
  title={A Diagnostic Tree Approach for Fault Cause Identification in the Attitude Control Subsystem of Satellites},
  journal={Aerospace and Electronic Systems, IEEE Transactions on},
  year={2009},
  volume={45},
  number={3},
  pages={983 -1002},
  month={july}
}

@inproceedings{Lee2005,
  author={Lee, C. and Alena, R.L. and Robinson, P.},
  title={Migrating Fault Trees To Decision Trees For Real Time Fault Detection On International Space Station},
  booktitle={Aerospace Conference, 2005 IEEE},
  year={2005},
  pages={1 -6},
  month={march}
}

@inproceedings{Yairi2004,
  author={Yairi, T. and Nakatsugawa, M. and Hori, K. and Nakasuka, S. and Machida, K. and Ishihama, N.},
  title={Adaptive limit checking for spacecraft telemetry data using regression tree learning},
  booktitle={Systems, Man and Cybernetics, 2004 IEEE International Conference on},
  year={2004},
  volume={6},
  pages={5130 - 5135 vol.6},
  month={oct.}
}

@inproceedings{Paakko2001:bayesian,
  author={Paakko, M. and Myllym{\"a}ki, P. and Holsti, N. and Tirri, H.},
  title={Bayesian Networks for Advanced FDIR},
  booktitle={ESA Workshop on On-Board Autonomy,},
  year={2001},
  address={Noordwijk, The Netherlands},
  month={oct}
}

@inproceedings{Kawahara2005,
  author={Y. Kawahara and T. Yairi and K. Machida.},
  title={Diagnosis method for spacecraft using dynamic bayesian networks},
  booktitle={Proc. of 8th International symposium on Artificial Intelligence, Robotics and Automation in Space (i-SAIRAS)},
  year={2005}
}

@inproceedings{Golombek2011:online,
  author={Golombek, Raphael and Wrede, Sebastian and Hanheide, Marc and Heckmann, Martin},
  title={Online data-driven fault detection for robotic systems},
  booktitle={2011 IEEE/RSJ International Conference on Intelligent Robots and Systems (IROS),},
  year={2011},
  pages={3011 -3016},
  month={sept.}
}

@inproceedings{Li2010:anomaly,
  author={Quan Li and XingShe Zhou and Peng Lin and Shaomin Li},
  title={Anomaly detection and fault Diagnosis technology of spacecraft based on telemetry-mining},
  booktitle={2010 3rd International Symposium on Systems and Control in Aeronautics and Astronautics (ISSCAA)},
  year={2010},
  pages={233 -236},
  month={june}
}

@inproceedings{Talebi2006:intelligent,
  author={Talebi, HA and Patel, RV},
  title={An intelligent fault detection and recovery scheme for reaction wheel actuator of satellite attitude control systems},
  booktitle={Computer Aided Control System Design, 2006 IEEE International Conference on Control Applications, 2006 IEEE International Symposium on Intelligent Control, 2006 IEEE},
  year={2006},
  pages={3282--3287},
  organization={IEEE}
}

@article{Tallo1992:satellite,
  author={Donald P. Tallo and John Durkin and Edward J. Petrik},
  title={Intelligent fault isolation and diagnosis for communication satellite systems},
  journal={Telematics and Informatics},
  year={1992},
  volume={9},
  number={3/4},
  pages={173 -- 190}
}

@inproceedings{Yairi2006:telemetry,
  author={Yairi, T. and Kawahara, Y. and Fujimaki, R. and Sato, Y. and Machida, K.},
  title={Telemetry-mining: a machine learning approach to anomaly detection and fault diagnosis for space systems},
  booktitle={Space Mission Challenges for Information Technology, 2006. SMC-IT 2006. Second IEEE International Conference on},
  year={2006}
}

@inproceedings{Ernits2010:automatic,
  author={Ernits, J. and Dearden, R. and Pebody, M.},
  title={Automatic fault detection and execution monitoring for AUV missions},
  booktitle={Autonomous Underwater Vehicles (AUV), 2010 IEEE/OES},
  year={2010},
  pages={1--10},
  organization={IEEE}
}

@article{Muradore2012,
  author={Muradore, R. and Fiorini, P.},
  title={A PLS-Based Statistical Approach for Fault Detection and Isolation of Robotic Manipulators},
  journal={Industrial Electronics, IEEE Transactions on},
  year={2012},
  volume={59},
  number={8},
  pages={3167 -3175},
  month={aug.}
}

@article{Tudoroiu2007,
  author={Tudoroiu, N. and Khorasani, K.},
  title={Satellite fault diagnosis using a bank of interacting Kalman filters},
  journal={IEEE Transactions on Aerospace and Electronic Systems},
  year={2007},
  volume={43},
  number={4},
  pages={1334 -1350},
  month={october}
}

@article{Xiong2007,
  author={Xiong, K. and Chan, C.W. and Zhang, H.Y.},
  title={Detection of satellite attitude sensor faults using the UKF},
  journal={Aerospace and Electronic Systems, IEEE Transactions on},
  year={2007},
  volume={43},
  number={2},
  pages={480 -491},
  month={april}
}

@inproceedings{wang2009detecting,
  author={Wang, M. and Dearden, R.},
  title={Detecting and learning unknown fault states in hybrid diagnosis},
  booktitle={Proceedings of the 20th International Workshop on Principles of Diagnosis, DX09},
  year={2009},
  pages={19--26}
}

@inproceedings{Gao2012,
  author={Yu Gao and Tianshe Yang and Minqiang Xu and Nan Xing},
  title={An Unsupervised Anomaly Detection Approach for Spacecraft Based on Normal Behavior Clustering},
  booktitle={Intelligent Computation Technology and Automation (ICICTA), 2012 Fifth International Conference on},
  year={2012},
  pages={478 -481},
  month={jan.}
}

@inproceedings{Khalastchi2011,
  author={Khalastchi, Eliahu and Kaminka, Gal A. and Kalech, Meir and Lin, Raz},
  title={Online anomaly detection in unmanned vehicles},
  booktitle={The 10th International Conference on Autonomous Agents and Multiagent Systems - Volume 1},
  year={2011},
  series={AAMAS '11},
  pages={115--122},
  address={Richland, SC},
  publisher={International Foundation for Autonomous Agents and Multiagent Systems}
}

@article{Lau2011,
  author={HuiKeng Lau and Iain Bate and Paul Cairns and Jon Timmis},
  title={Adaptive data-driven error detection in swarm robotics with statistical classifiers},
  journal={Robotics and Autonomous Systems},
  year={2011},
  volume={59},
  number={12},
  pages={1021 - 1035}
}

@inproceedings{Ando2011,
  author={S. Ando and T. Thanomphongphan and D. Hoshino and Y. Seki and and E. Suzuki},
  title={ACE: Anomaly Clustering Ensemble for Multiperspective Anomaly Detection in Robot Behaviors},
  booktitle={Proceedings of the Tenth SIAM International Conference on Data Mining},
  year={2011}
}

@article{Zhang1998,
  author={Zhang, Y. and Li, X.R.},
  title={Detection and diagnosis of sensor and actuator failures using IMM estimator},
  journal={IEEE Transactions on Aerospace and Electronic Systems},
  year={1998},
  volume={34},
  number={4},
  pages={1293--1313},
  month={oct}
}

@inproceedings{Hutter2003,
  author={Frank Hutter and Richard Dearden},
  title={Efficient On-line Fault Diagnosis for Non-Linear Systems},
  booktitle={Proceedings of the 7th International Symposium on Artificial Intelligence, Robotics and Automation in Space},
  year={2003}
}

@inproceedings{Robinson2003,
  author={Peter Robinson and Mark Shirley and Daryl Fletcher and Rick Alena and Dan Duncavage and Charles Lee},
  title={Applying Model-Based Reasoning to the FDIR of the Command \& Data Handling Subsystem of the International Space Station},
  booktitle={International Symposium on Artificial Intelligence, Robotics, and Automation in Space},
  year={2003}
}

@article{Durou2002,
  author={O. Durou and V. Godet and L. Mangane and D. PÃ©rarnaud and R. Roques},
  title={Hierarchical fault detection, isolation and recovery applied to cof and atv avionics},
  journal={Acta Astronautica},
  year={2002},
  volume={50},
  number={9},
  pages={547 - 556}
}

@inproceedings{Kurien2000,
  author={Kurien, J. and Nayak, P.P.},
  title={Back to the future for consistency-based trajectory tracking},
  booktitle={Proceedings of AAAI/IAAI (2000)},
  year={2000}
}

@inproceedings{Iverson2008,
  author={David L. Iverson},
  title={Data Mining Applications for Space Mission Operations System Health Monitoring},
  booktitle={Proc. of the SpaceOps Conference},
  year={2008}
}

@inproceedings{Narasimhan2007,
  author={Sriram Narasimhan and Lee Brownston},
  title={HyDE---A General Framework for Stochastic and Hybrid Model-based Diagnosis},
  booktitle={Proceedings of The 18th International Workshop on Principles of Diagnosis (DX-07)},
  year={2007}
}

@inproceedings{Fujimaki2005kdd,
  author={Fujimaki, Ryohei and Yairi, Takehisa and Machida, Kazuo},
  title={An approach to spacecraft anomaly detection problem using kernel feature space},
  booktitle={Proceedings of the eleventh ACM SIGKDD international conference on Knowledge discovery in data mining},
  year={2005},
  series={KDD '05},
  pages={401--410},
  address={New York, NY, USA},
  publisher={ACM}
}

@incollection{Fujimaki2005kddm,
  author={Fujimaki, Ryohei and Yairi, Takehisa and Machida, Kazuo},
  title={An Anomaly Detection Method for Spacecraft Using Relevance Vector Learning},
  booktitle={Advances in Knowledge Discovery and Data Mining},
  publisher={Springer Berlin / Heidelberg},
  year={2005},
  editor={Ho, Tu and Cheung, David and Liu, Huan},
  volume={3518},
  series={Lecture Notes in Computer Science},
  pages={785-790},
  note={10.1007/11430919\_92}
}

@inproceedings{Iverson2004,
  author={David L. Iverson},
  title={Inductive system health monitoring},
  booktitle={International Conference on Artificial Intelligence},
  year={2004},
  publisher={CSREA Press}
}

@inproceedings{Bay2003,
  author={Bay, Stephen D. and Schwabacher, Mark},
  title={Mining distance-based outliers in near linear time with randomization and a simple pruning rule},
  booktitle={Proceedings of the ninth ACM SIGKDD international conference on Knowledge discovery and data mining},
  year={2003},
  series={KDD '03},
  pages={29--38},
  address={New York, NY, USA},
  publisher={ACM}
}

@inproceedings{Nakkabi2003,
  author={Nakkabi, Y. and Kabbaj, N. and Dahhou, B. and Roux, G. and Aguilar-Martin, J.},
  title={A combined analytical and knowledge based method for fault detection and isolation},
  booktitle={Emerging Technologies and Factory Automation, 2003. Proceedings. ETFA '03. IEEE Conference},
  year={2003},
  volume={2},
  pages={161 - 164 vol.2},
  month={sept.}
}

@article{Stanek2001,
  author={Stanek, M. and Morari, M. and Frohlich, K.},
  title={Model-aided diagnosis: an inexpensive combination of model-based and case-based condition assessment},
  journal={Systems, Man, and Cybernetics, Part C: Applications and Reviews, IEEE Transactions on},
  year={2001},
  volume={31},
  number={2},
  pages={137 -145},
  month={may}
}

@inproceedings{Fijany2003,
  author={Fijany, A. and Vatan, F. and Barrett, A. and James, M. and Mackey, R.},
  title={An advanced model-based diagnosis engine},
  booktitle={7th International Symposium on Artificial Intelligence, Robotics and Automation},
  year={2003},
  month={may}
}

@inproceedings{Williams1996:model,
  author={Williams, B.C. and Nayak, P.P. and others},
  title={A model-based approach to reactive self-configuring systems},
  booktitle={Proceedings of the National Conference on Artificial Intelligence},
  year={1996},
  pages={971--978}
}

@article{Carlson2005:ugv,
  author={Carlson, Jennifer and Murphy, Robin R.},
  title={How UGVs Physically Fail in the Field},
  journal={Robotics, IEEE Transactions on},
  year={2005},
  volume={21},
  number={3},
  pages={423 - 437},
  month={june}
}

@inproceedings{Mehra1995:kalman,
  author={Mehra, R. and Seereeram, S. and Bayard, D. and Hadaegh, F.},
  title={Adaptive Kalman filtering, failure detection and identification for spacecraft attitude estimation},
  booktitle={Control Applications, 1995., Proceedings of the 4th IEEE Conference on},
  year={1995},
  pages={176 -181},
  month={sep}
}

@inproceedings{Tehrani2005:dynamic,
  author={Tehrani, E.S. and Khorasani, K. and Tafazoli, S.},
  title={Dynamic neural network-based estimator for fault diagnosis in reaction wheel actuator of satellite attitude control system},
  booktitle={Neural Networks, 2005. IJCNN'05. Proceedings. 2005 IEEE International Joint Conference on},
  year={2005},
  volume={4},
  pages={2347--2352},
  organization={IEEE}
}

@article{Zhang2005:sensor,
  author={Zhang, X. and Parisini, T. and Polycarpou, M.M.},
  title={Sensor bias fault isolation in a class of nonlinear systems},
  journal={Automatic Control, IEEE Transactions on},
  year={2005},
  volume={50},
  number={3},
  pages={370--376}
}

@article{Mcintyre2005:fault,
  author={McIntyre, ML and Dixon, WE and Dawson, DM and Walker, ID},
  title={Fault identification for robot manipulators},
  journal={Robotics, IEEE Transactions on},
  year={2005},
  volume={21},
  number={5},
  pages={1028--1034}
}

@inproceedings{Crowley2007:autonomic,
  author={Crowley, J.L. and Hall, D. and Emonet, R.},
  title={Autonomic computer vision systems},
  booktitle={2007 International Conference on Computer Vision Systems, ICVS},
  year={2007},
  volume={7}
}

@inproceedings{Golombek2010:learning,
  author={Golombek, R. and Wrede, S. and Hanheide, M. and Heckmann, M.},
  title={Learning a probabilistic self-awareness model for robotic systems},
  booktitle={Intelligent Robots and Systems (IROS), 2010 IEEE/RSJ International Conference on},
  year={2010},
  pages={2745--2750},
  organization={IEEE}
}

@inproceedings{Lewis2011,
  author={Lewis, P.R. and Chandra, A. and Parsons, S. and Robinson, E. and Glette, K. and Bahsoon, R. and Torresen, J. and Xin Yao},
  title={A Survey of Self-Awareness and Its Application in Computing Systems},
  booktitle={Self-Adaptive and Self-Organizing Systems Workshops (SASOW), 2011 Fifth IEEE Conference on},
  year={2011},
  pages={102 -107},
  month={oct.}
}

@article{Melchior2004:framework,
  author={Melchior, N. and Smart, W.D.},
  title={A framework for robust mobile robot systems},
  journal={Proceedings of SPIE: Mobile robots XVII},
  year={2004},
  volume={5609}
}

@article{Anderson2007,
  author={Anderson, M.L. and Oates, T.},
  title={A review of recent research in metareasoning and metalearning},
  journal={AI Magazine},
  year={2007},
  volume={28},
  number={1},
  pages={12}
}

@article{Cox2005,
  author={Michael T. Cox},
  title={Metacognition in computation: A selected research review},
  journal={Artificial Intelligence},
  year={2005},
  volume={169},
  number={2},
  pages={104--141},
  note={Special Review Issue}
}

@inproceedings{Karapinar2012,
  author={Karapinar, S. and Altan, D. and Sariel-Talay, S.},
  title={A Robust Planning Framework for Cognitive Robots},
  booktitle={Workshops at the Twenty-Sixth AAAI Conference on Artificial Intelligence},
  year={2012}
}

@article{Anderson2005,
  author={Anderson, Michael L. and Perlis, Donald R.},
  title={Logic, Self-awareness and Self-improvement: the Metacognitive Loop and the Problem of Brittleness},
  journal={Journal of Logic and Computation},
  year={2005},
  volume={15},
  number={1},
  pages={21-40}
}

@article{Costantini2012,
  author={Costantini, Stefania},
  title={Meta-reasoning: A Survey},
  year={2002},
  volume={2408},
  pages={65-65},
  note={10.1007/3-540-45632-5\_11}
}

@inproceedings{Berzan2012,
  author={Berzan, Constantin and Scheutz, Matthias},
  title={What am I doing?: automatic construction of an agent's state-transition diagram through introspection},
  booktitle={Proceedings of the 11th International Conference on Autonomous Agents and Multiagent Systems - Volume 1},
  year={2012},
  series={AAMAS '12},
  pages={189--196},
  address={Richland, SC},
  publisher={International Foundation for Autonomous Agents and Multiagent Systems}
}

@inproceedings{Krause2012:introspection,
  author={Krause, E. and Schermerhorn, P. and Scheutz, M.},
  title={Crossing Boundaries: Multi-Level Introspection in a Complex Robotic Architecture for Automatic Performance Improvements},
  booktitle={Twenty-Sixth AAAI Conference on Artificial Intelligence},
  year={2012}
}

@article{Reichard2004:health,
  author={Karl M. Reichard},
  title={Integrating self-health awareness in autonomous systems},
  journal={Robotics and Autonomous Systems},
  year={2004},
  volume={49},
  number={1--2},
  pages={105--112}
}

@inproceedings{Sykes2008:selfmanagement,
  author={Sykes, Daniel and Heaven, William and Magee, Jeff and Kramer, Jeff},
  title={From goals to components: a combined approach to self-management},
  booktitle={Proceedings of the 2008 international workshop on Software engineering for adaptive and self-managing systems},
  year={2008},
  series={SEAMS '08},
  pages={1--8},
  address={New York, NY, USA},
  publisher={ACM}
}

@techreport{Patterson2002:recoveryL,
  author={Patterson, D. and Brown, A. and Broadwell, P. and Candea, G. and Chen, M. and Cutler, J. and Enriquez, P. and Fox, A. and Kiciman, E. and Merzbacher, M. and others},
  title={Recovery-oriented computing (ROC): Motivation, definition, techniques, and case studies},
  institution={Technical Report UCB//CSD-02-1175, UC Berkeley Computer Science},
  year={2002}
}

@phdthesis{Morris2007:introspection,
  author={Morris, Aaron Christopher},
  title={Robotic introspection for exploration and mapping of subterranean environments},
  school={The Robotics Institute, Carnegie Mellon University},
  year={2007},
  address={Pittsburgh, PA, USA},
  note={AAI3304517}
}

@article{Stronger2006:autonomous,
  author={Stronger, D. and Stone, P.},
  title={Towards autonomous sensor and actuator model induction on a mobile robot},
  journal={Connection Science},
  year={2006},
  volume={18},
  number={2},
  pages={97--119}
}

@article{Weng2001:mental_development,
  author={Weng, Juyang and McClelland, James and Pentland, Alex and Sporns, Olaf and Stockman, Ida and Sur, Mriganka and Thelen, Esther},
  title={Autonomous Mental Development by Robots and Animals},
  journal={Science},
  year={2001},
  volume={291},
  number={5504},
  pages={599-600}
}

@article{Horvitz2001:continual,
  author={Horvitz, E.},
  title={Principles and applications of continual computation},
  journal={Artificial Intelligence},
  year={2001},
  volume={126},
  number={1},
  pages={159--196}
}

@article{Anderson2006:mcl,
  author={Anderson, Michael L. and Oates, Tim and Chong, Waiyian and Perlis, Don},
  title={The metacognitive loop I: Enhancing reinforcement learning with metacognitive monitoring and control for improved perturbation tolerance},
  journal={Journal of Experimental & Theoretical Artificial Intelligence},
  year={2006},
  volume={18},
  number={3},
  pages={387-411}
}

@book{CoxRaja2011,
  editor={Michael T. Cox and Anita Raja},
  title={Metareasoning: Thinking about Thinking},
  publisher={The MIT Press},
  year={2011}
}

@incollection{Epstein2011:metareasoning,
  author={Susan L. Epstein and Smiljana Petrovic},
  title={Learning expertise with bounded rationality and self-awareness},
  booktitle={Metareasoning: thinking about thinking},
  publisher={The MIT Press},
  year={2011},
  editor={Michael T. Cox and Anita Raja},
  pages={43--57}
}

@inproceedings{bensusan2000higher,
  author={Bensusan, H. and Giraud-Carrier, C. and Kennedy, C.},
  title={A higher-order approach to meta-learning},
  booktitle={Proceedings of the Work-in-Progress Track at the 10th International Conference on Inductive Logic Programming},
  year={2000},
  pages={33--42}
}

@article{Fox2006,
  author={Maria Fox and Malik Ghallab and Guillaume Infantes and Derek Long},
  title={Robot introspection through learned hidden Markov models},
  journal={Artificial Intelligence},
  year={2006},
  volume={170},
  number={2},
  pages={59 - 113}
}

@article{springerlink:10.1007/s10458-006-9008-z,
  author={Raja, Anita and Lesser, Victor},
  title={A framework for meta-level control in multi-agent systems},
  journal={Autonomous Agents and Multi-Agent Systems},
  year={2007},
  volume={15},
  pages={147-196},
  note={10.1007/s10458-006-9008-z}
}

@techreport{Cox2007,
  author={Michael T. Cox and Anita Raja},
  title={Metareasoning: A Manifesto},
  institution={BBN Technologies},
  year={2007}
}

@inbook{Conitzer2012:mr,
  author={Vincent Conitzer},
  editor={Michael T Cox, Anita Raja},
  title={Metareasoning: Thinking about Thinking},
  chapter={Metareasoning as a Formal Computational Problem},
  pages={119--127},
  publisher={The MIT Press},
  year={2012}
}

@article{Hansen1996,
  author={Hansen, Eric A. and Zilberstein, Shlomo},
  title={Monitoring anytime algorithms},
  journal={SIGART Bull.},
  year={1996},
  volume={7},
  number={2},
  pages={28--33},
  month={apr}
}

@phdthesis{Carlin2012,
  author={Alan Scott Carlin},
  title={Decision-Theoretic Meta-reasoning in Partially Observable and Decentralized Settings},
  school={University of Massacussets, Amherst},
  year={2012},
  month={feb.},
  note={Open Access Dissertations. Paper 508}
}

@article{Pourazin2006,
  author={Pourazin, Shahriar and Barforoush, Ahmad},
  title={Concurrent Metareasoning},
  journal={The Journal of Supercomputing},
  year={2006},
  volume={35},
  pages={51-64},
  note={10.1007/s11227-006-0927-x}
}

@inproceedings{Miller2012,
  author={Miller, M.S.P.},
  title={Patterns for Cognitive Systems},
  booktitle={Complex, Intelligent and Software Intensive Systems (CISIS), 2012 Sixth International Conference on},
  year={2012},
  pages={642 -647},
  month={july}
}

@inproceedings{Kennedy2010:decentralized_metacognition,
  author={Kennedy, Cartriona},
  title={Decentralised metacognition in context-aware autonomic systems: Some key challenges},
  booktitle={Association for the Advancement of Artificial Intelligence (AAAI) AAAI-10 Workshop on Metacognition for Robust Social Systems, Atlanta, Georgia},
  year={2010}
}

@inproceedings{Schmill2008,
  author={Schmill, M. and Oates, T. and Anderson, M. and Fults, S. and Josyula, D. and Perlis, D. and Wilson, S.},
  title={The role of metacognition in robust AI systems},
  booktitle={AAAI-08 Workshop on Metareasoning,(Chicago, IL)},
  year={2008}
}

@inproceedings{Sloman2011,
  author={Sloman, A.},
  title={Varieties of Meta-cognition in Natural and Artificial Systems},
  booktitle={Workshop on Metareasoning, AAAI},
  year={2011},
  volume={8},
  pages={12--20}
}

@inproceedings{Haidarian2010:metacognitive,
  author={Haidarian Shahri, H. and Dinalankara, W. and Fults, S. and Wilson, S. and Perlis, D. and Schmill, M. and Oates, T. and Josyula, D. and Anderson, M.},
  title={The Metacognitive Loop: An Architecture for Building Robust Intelligent Systems},
  booktitle={2010 AAAI Fall Symposium Series},
  year={2010}
}

@article{Bantz2003:autonomic,
  author={Bantz, D. F. and Bisdikian, C. and Challener, D. and Karidis, J. P. and Mastrianni, S. and Mohindra, A. and Shea, D. G. and Vanover, M.},
  title={Autonomic personal computing},
  journal={IBM Systems Journal},
  year={2003},
  volume={42},
  number={1},
  pages={165 -176}
}

@inproceedings{Georgas2008:policy,
  author={Georgas, John C. and Taylor, Richard N.},
  title={Policy-based self-adaptive architectures: a feasibility study in the robotics domain},
  booktitle={Proceedings of the 2008 international workshop on Software engineering for adaptive and self-managing systems},
  year={2008},
  series={SEAMS '08},
  pages={105--112},
  address={New York, NY, USA},
  publisher={ACM}
}

@inproceedings{Edwards2009:adapt,
  author={Edwards, G. and Garcia, J. and Tajalli, H. and Popescu, D. and Medvidovic, N. and Sukhatme, G. and Petrus, B.},
  title={Architecture-driven self-adaptation and self-management in robotics systems},
  booktitle={Software Engineering for Adaptive and Self-Managing Systems, 2009. SEAMS '09. ICSE Workshop on},
  year={2009},
  pages={142 -151},
  month={may}
}

@techreport{Kennedy2002:reflective,
  author={Catriona M. Kennedy and Aaron Sloman},
  title={Reflective Architectures for Damage Tolerant Autonomous Systems},
  institution={University of Birmingham, School of Computer Science},
  year={2002}
}

@inproceedings{Kramer2006:parallel,
  author={Kramer, J. and Scheutz, M. and Brockman, J. and Kogge, P.},
  title={Facing up to the inevitable: Intelligent error recovery in massively parallel processing in memory architectures},
  booktitle={Proceedings of the 2006 International Conference on Parallel and Distributed Processing Techniques and Applications},
  year={2006},
  organization={Citeseer}
}

@inproceedings{Scheutz2007:reflection,
  author={Scheutz, M. and Kramer, J.},
  title={Reflection and Reasoning Mechanisms for Failure Detection and Recovery in a Distributed Robotic Architecture for Complex Robots},
  booktitle={Robotics and Automation, 2007 IEEE International Conference on},
  year={2007},
  pages={3699 -3704},
  month={april}
}

@inproceedings{Wallace2005:s-assess,
  author={Wallace, Scott A.},
  title={S-assess: a library for behavioral self-assessment},
  booktitle={Proceedings of the fourth international joint conference on Autonomous agents and multiagent systems},
  year={2005},
  series={AAMAS '05},
  pages={256--263},
  address={New York, NY, USA},
  publisher={ACM}
}

@article{Perez-Palacin2011:performance,
  author={Perez-Palacin, Diego and Merseguer, Jos{\'e}},
  title={Performance sensitive self-adaptive service-oriented software using hidden Markov models},
  journal={SIGSOFT Softw. Eng. Notes},
  year={2011},
  volume={36},
  number={5},
  pages={201--206},
  month={sep}
}

@inproceedings{Delmotte2004:reconstruction,
  author={Delmotte, F. and Egerstedt, M.},
  title={Reconstruction of low-complexity control programs from data},
  booktitle={Decision and Control, 2004. CDC. 43rd IEEE Conference on},
  year={2004},
  volume={2},
  pages={1460--1465},
  month={dec.}
}

@inproceedings{Guillory2006:learning,
  author={Guillory, Andrew and Nguyen, Hai and Balch, Tucker and Isbell,Jr., Charles Lee},
  title={Learning executable agent behaviors from observation},
  booktitle={Proceedings of the fifth international joint conference on Autonomous agents and multiagent systems},
  year={2006},
  series={AAMAS '06},
  pages={795--797},
  address={New York, NY, USA},
  publisher={ACM}
}

@article{Kramer2007,
  author={Kramer, James and Scheutz, Matthias},
  title={Development environments for autonomous mobile robots: A survey},
  journal={Autonomous Robots},
  year={2007},
  volume={22},
  pages={101-132},
  note={10.1007/s10514-006-9013-8}
}

@inproceedings{nil,
  author={Gordon Briggs},
  title={Machines Ethics, the Frame Problem, and Theory of Mind},
  booktitle={AISB/IACAP World Congress 2012},
  year={2012}
}

@inproceedings{Quigley2009,
  author={Morgan Quigley and Ken Conley and Brian P. Gerkey and Josh Faust and Tully Foote and Jeremy Leibs and Rob Wheeler and Andrew Y. Ng},
  title={ROS: an open-source Robot Operating System},
  booktitle={ICRA Workshop on Open Source Software},
  year={2009}
}

@article{Karaman:IJRR20011,
  author={S. Karaman and E. Frazzoli},
  title={Sampling-based Algorithms for Optimal Motion Planning},
  journal={International Journal of Robotics Research},
  year={2011},
  volume={30},
  number={7},
  pages={846--894},
  month={June}
}

@article{Woodman2013:safety,
  author={Woodman, Roger and Winfield, Alan F.T. and Harper, Chris and Fraser, Mike},
  title={Building safer robots: Safety driven control},
  journal={The International Journal of Robotics Research},
  year={2012},
  volume={31},
  number={13},
  pages={1603-1626}
}

@article{Waibel2011:robotearth,
  author={Waibel, M. and Beetz, M. and Civera, J. and D'Andrea, R. and Elfring, J. and Galvez-Lopez, D. and Haussermann, K. and Janssen, R. and Montiel, J.M.M. and Perzylo, A. and Schiessle, B. and Tenorth, M. and Zweigle, O. and van de Molengraft, R.},
  title={RoboEarth},
  journal={Robotics Automation Magazine, IEEE},
  year={2011},
  volume={18},
  number={2},
  pages={69--82},
  month={june}
}

@article{Abdellatif2012,
  author={Tesnim Abdellatif and Saddek Bensalem and Jacques Combaz and Lavindra de Silva and Felix Ingrand},
  title={Rigorous design of robot software: A formal component-based approach},
  journal={Robotics and Autonomous Systems},
  year={2012},
  volume={60},
  number={12},
  pages={1563 - 1578}
}

@book{Russell2009:aima,
  author={Russell, Stuart J. and Norvig, Peter},
  title={Artificial Intelligence: A Modern Approach},
  publisher={Prentice Hall},
  year={2009},
  edition={3}
}

@book{Mitchell1997:ml,
  author={Tom M. Mithcell},
  title={Machine Learning},
  publisher={McGraw-Hill},
  year={1997}
}

@inproceedings{Macqueen1967:classification,
  author={MacQueen, J. and others},
  title={Some methods for classification and analysis of multivariate observations},
  booktitle={Proceedings of the fifth Berkeley symposium on mathematical statistics and probability},
  year={1967},
  volume={1},
  number={281-297},
  pages={14},
  organization={California, USA}
}

@inproceedings{Ester1996:density,
  author={Ester, M. and Kriegel, H.P. and Sander, J. and Xu, X.},
  title={A density-based algorithm for discovering clusters in large spatial databases with noise},
  booktitle={Proceedings of the 2nd International Conference on Knowledge Discovery and Data mining},
  year={1996},
  volume={1996},
  pages={226--231},
  organization={AAAI Press}
}

@article{Ankerst1999:optics,
  author={Ankerst, Mihael and Breunig, Markus M. and Kriegel, Hans-Peter and Sander, J\"{o}rg},
  title={OPTICS: ordering points to identify the clustering structure},
  journal={SIGMOD Rec.},
  year={1999},
  volume={28},
  number={2},
  pages={49--60},
  month={jun}
}

@article{Bradley1998:scaling,
  author={Bradley, P.S. and Fayyad, U. and Reina, C.},
  title={Scaling EM (expectation-maximization) clustering to large databases},
  journal={Microsoft Research},
  year={1998}
}

@techreport{Goldberg1999:amm,
  author={Goldberg, D. and Mataric, M.J.},
  title={Augmented markov models},
  institution={USC Institute for Robotics and Intelligent Systems},
  year={1999}
}

@book{Charniak1996:language,
  author={Charniak, Eugene},
  title={Statistical language learning},
  publisher={MIT press},
  year={1996}
}

@article{Rabiner1989:hmm,
  author={Rabiner, Lawrence R.},
  title={A tutorial on hidden Markov models and selected applications in speech recognition},
  journal={Proceedings of the IEEE},
  year={1989},
  volume={77},
  number={2},
  pages={257--286}
}

@article{Clark2008:brain,
  author={Clark, Andy},
  title={I AM JOHN'S BRAIN},
  journal={Think},
  year={2008},
  volume={7},
  pages={103--111}
}

@article{Clark2003:reason,
  author={Clark, A.},
  title={Artificial intelligence and the many faces of reason},
  year={2003}
}

@article{Brooks1991,
  author={Rodney A. Brooks},
  title={Intelligence without representation},
  journal={Artificial Intelligence},
  year={1991},
  volume={47},
  number={1--3},
  pages={139--159}
}

@article{Fletcher2012,
  author={Fletcher, Logan and Carruthers, Peter},
  title={Metacognition and reasoning},
  journal={Philosophical Transactions of the Royal Society B: Biological Sciences},
  year={2012},
  volume={367},
  number={1594},
  pages={1366-1378}
}

@article{Feldman2010,
  author={Feldman, J.A.},
  title={Cognitive Science should be unified: comment on Griffiths et al. and McClelland et al.},
  journal={Update},
  year={2010},
  volume={14},
  number={8}
}

@article{Chater2006,
  author={Nick Chater and Joshua B. Tenenbaum and Alan Yuille},
  title={Probabilistic models of cognition: Conceptual foundations},
  journal={Trends in Cognitive Sciences},
  year={2006},
  volume={10},
  number={7},
  pages={287 - 291}
}

@article{Griffiths2010,
  author={Thomas L. Griffiths and Nick Chater and Charles Kemp and Amy Perfors and Joshua B. Tenenbaum},
  title={Probabilistic models of cognition: exploring representations and inductive biases},
  journal={Trends in Cognitive Sciences},
  year={2010},
  volume={14},
  number={8},
  pages={357 - 364}
}

@article{Banerjee2013:belief,
  author={Banerjee, Konika and Bloom, Paul},
  title={Would Tarzan believe in God? Conditions for the emergence of religious belief},
  journal={Trends in cognitive sciences},
  year={2013},
  volume={17},
  number={1},
  pages={7--8},
  month={jan},
  note={http://linkinghub.elsevier.com/retrieve/pii/S1364661312002665}
}

@article{Norenzayan2013:disbelief,
  author={Norenzayan, Ara AND Gervais, Will M.},
  title={The origins of religious disbelief},
  journal={Trends in cognitive sciences},
  year={2013},
  volume={17},
  number={1},
  pages={20--25},
  note={http://linkinghub.elsevier.com/retrieve/pii/S1364661312002677}
}

@inbook{Beer2010,
  author={Randall D. Beer},
  editor={Vargas, P., Di Paolo, E., Harvey, I. and Husbands, P.},
  title={The Horizons for Evolutionary Robotics},
  chapter={Dynamical Analysis of Evolved Agents},
  publisher={The MIT Press},
  year={2010}
}

@inproceedings{Inman2008,
  title={Misrepresentations},
  booktitle={Proceedings of the Eleventh International Conference on Artificial Life},
  year={2008},
  editor={S. Bullock, J. Noble, R. A. Watson, and M. A. Bedau},
  pages={227--233},
  publisher={MIT Press}
}

@article{Simons1997change,
  author={Simons, D.J. and Levin, D.T.},
  title={Change blindness},
  journal={Trends in cognitive sciences},
  year={1997},
  volume={1},
  number={7},
  pages={261--267}
}

@article{Simons2005change,
  author={Simons, D.J. and Rensink, R.A.},
  title={Change blindness: Past, present, and future},
  journal={Trends in cognitive sciences},
  year={2005},
  volume={9},
  number={1},
  pages={16--20}
}

@book{Dennett1993consciousness,
  author={Dennett, D.C.},
  title={Consciousness explained},
  publisher={ePenguin},
  year={1991}
}

@article{shapiro2009mirror,
  author={Shapiro, L.},
  title={Making sense of mirror neurons},
  journal={Synthese},
  year={2009},
  volume={167},
  number={3},
  pages={439--456}
}

@article{Clark2012:bayesian,
  author={Andy Clark},
  title={Whatever Next? Predictive Brains, Situated Agents, and the Future of Cognitive Science.},
  journal={Behavioral and Bran Sciences},
  year={2013},
  note={in press}
}

@article{Fletcher2008:schizophrenia,
  author={Fletcher, P.C. and Frith, C.D.},
  title={Perceiving is believing: a Bayesian approach to explaining the positive symptoms of schizophrenia},
  journal={Nature Reviews Neuroscience},
  year={2008},
  volume={10},
  number={1},
  pages={48--58}
}

@article{Griffiths2008:models,
  author={Griffiths, T.L. and Kemp, C. and Tenenbaum, J.B.},
  title={Bayesian models of cognition},
  journal={Cambridge handbook of computational cognitive modeling},
  year={2008},
  pages={59--100}
}

@article{Lee2003a,
  author={Tai Sing Lee and David Mumford},
  title={Hierarchical Bayesian inference in the visual cortex},
  journal={J. Opt. Soc. Am. A},
  year={2003},
  volume={20},
  number={7},
  pages={1434--1448},
  month={Jul}
}

@article{Colombo2012:bayes,
  author={Colombo, Matteo and Seriès, Peggy},
  title={Bayes in the Brain---On Bayesian Modelling in Neuroscience},
  journal={The British Journal for the Philosophy of Science},
  year={2012},
  volume={63},
  number={3},
  pages={697-723}
}

@article{Fleming2012,
  author={Fleming, Stephen M. and Dolan, Raymond J. and Frith, Christopher D.},
  title={Metacognition: computation, biology and function},
  journal={Philosophical Transactions of the Royal Society B: Biological Sciences},
  year={2012},
  volume={367},
  number={1594},
  pages={1280-1286}
}

@article{Friston2007:brain,
  author={Friston, Karl and Stephan, Klaas},
  title={Free-energy and the brain},
  journal={Synthese},
  year={2007},
  volume={159},
  pages={417-458},
  note={10.1007/s11229-007-9237-y}
}

@article{Friston2010,
  author={Friston, K.},
  title={The free-energy principle: a unified brain theory?},
  journal={Nature Reviews Neuroscience},
  year={2010},
  volume={11},
  number={2},
  pages={127--138}
}

@incollection{Lau2007:bayesian,
  author={Hakwan C. Lau},
  title={A higher order Bayesian decision theory of consciousness},
  booktitle={Models of Brain and Mind Physical, Computational and Psychological Approaches},
  publisher={Elsevier},
  year={2007},
  editor={Rahul Banerjee and Bikas K. Chakrabarti},
  volume={168},
  series={Progress in Brain Research},
  pages={35 - 48}
}

@article{Lee2010,
  author={Michael D. Lee},
  title={Emergent and structured cognition in Bayesian models: comment on Griffiths et al. and McClelland et al.},
  journal={Trends in Cognitive Sciences},
  year={2010},
  volume={14},
  number={8},
  pages={345 - 346}
}

@article{Knill2004,
  author={David C. Knill and Alexandre Pouget},
  title={The Bayesian brain: the role of uncertainty in neural coding and computation},
  journal={Trends in Neurosciences},
  year={2004},
  volume={27},
  number={12},
  pages={712 - 719}
}

@article{Liu1995:classification,
  author={Zili Liu and David C. Knill and Daniel Kersten},
  title={Object classification for human and ideal observers},
  journal={Vision Research},
  year={1995},
  volume={35},
  number={4},
  pages={549 -- 568}
}

@article{Wolpert1995:internal,
  author={Wolpert, D.M. and Ghahramani, Z. and Jordan, M.I.},
  title={An Internal Model for Sensorimotor Integration},
  journal={Science},
  year={1995},
  volume={269},
  pages={1880--1882}
}

@article{Crowell1996:ideal,
  author={James A. Crowell and Martin S. Banks},
  title={Ideal observer for heading judgments},
  journal={Vision Research},
  year={1996},
  volume={36},
  number={3},
  pages={471 - 490}
}

@book{Marr1982:vision,
  author={David Marr},
  title={Vision},
  publisher={W.H. Freeman},
  year={1982}
}

@article{CambridgeJournals:117253,
  author={Tenenbaum,Joshua B. and Griffiths,Thomas L.},
  title={Generalization, similarity, and Bayesian inference},
  journal={Behavioral and Brain Sciences},
  year={2001},
  volume={24},
  number={04},
  pages={629-640}
}

@article{Hinton2007,
  author={Hinton, G.E.},
  title={Learning multiple layers of representation},
  journal={Trends in Cognitive Sciences},
  year={2007},
  volume={11},
  number={10},
  pages={428--434}
}

@article{Hesselmann2010,
  author={Hesselmann, Guido AND Sadaghiani, Sepideh AND Friston, Karl J. AND Kleinschmidt, Andreas},
  title={Predictive Coding or Evidence Accumulation? False Inference and Neuronal Fluctuations},
  journal={PLoS ONE},
  year={2010},
  volume={5},
  number={3},
  pages={e9926},
  month={03}
}

@inbook{Friston2011a,
  author={Karl Friston},
  editor={Wolfgang Tschacher and Claudia Bergomi},
  title={The Implications of Embodiment (Cognition and Communication)},
  chapter={Embodied Inference: or ``I think therefore I am, if I am what I think''},
  publisher={Imprint Academic},
  year={2011}
}

@article{Freeman2010,
  author={Tom C.A. Freeman and Rebecca A. Champion and Paul A. Warren},
  title={A Bayesian Model of Perceived Head-Centered Velocity during Smooth Pursuit Eye Movement},
  journal={Current Biology},
  year={2010},
  volume={20},
  number={8},
  pages={757 - 762}
}

@article{Eliasmith2007,
  author={Eliasmith, Chris},
  title={How to build a brain: from function to implementation},
  journal={Synthese},
  year={2007},
  volume={159},
  pages={373-388},
  note={10.1007/s11229-007-9235-0}
}

@book{Doya2007bayesian,
  author={Doya, K. and Ishii, S. and Pouget, A. and Rao, R.P.N.},
  title={Bayesian brain: Probabilistic approaches to neural coding},
  year={2007}
}

@article{Deneve2008bayesian,
  author={Deneve, S.},
  title={Bayesian spiking neurons I: inference},
  journal={Neural computation},
  year={2008},
  volume={20},
  number={1},
  pages={91--117}
}

@article{Bubic2010:prediction,
  author={Bubic, Andreja and Von Cramon, D. Yves and Schubotz, Ricarda I},
  title={Prediction, cognition and the brain},
  journal={Frontiers in Human Neuroscience},
  year={2010},
  volume={4},
  number={25}
}

@article{Hinton2006,
  author={Geoffrey E. Hinton and Simon Osindero},
  title={A fast learning algorithm for deep belief nets},
  journal={Neural Computation},
  year={2006},
  volume={18},
  pages={2006}
}

@article{Yeung2012:metacognition,
  author={Yeung, Nick and Summerfield, Christopher},
  title={Metacognition in human decision-making: confidence and error monitoring},
  journal={Philosophical Transactions of the Royal Society B: Biological Sciences},
  year={2012},
  volume={367},
  number={1594},
  pages={1310-1321}
}

@article{Fleming2012:neural,
  author={Fleming, Stephen M. and Dolan, Raymond J.},
  title={The neural basis of metacognitive ability},
  journal={Philosophical Transactions of the Royal Society B: Biological Sciences},
  year={2012},
  volume={367},
  number={1594},
  pages={1338-1349}
}

@article{Ko2012:blindsight,
  author={Ko, Yoshiaki and Lau, Hakwan},
  title={A detection theoretic explanation of blindsight suggests a link between conscious perception and metacognition},
  journal={Philosophical Transactions of the Royal Society B: Biological Sciences},
  year={2012},
  volume={367},
  number={1594},
  pages={1401-1411}
}

@article{Timmermans2012:thoughts,
  author={Timmermans, Bert and Schilbach, Leonhard and Pasquali, Antoine and Cleeremans, Axel},
  title={Higher order thoughts in action: consciousness as an unconscious re-description process},
  journal={Philosophical Transactions of the Royal Society B: Biological Sciences},
  year={2012},
  volume={367},
  number={1594},
  pages={1412-1423}
}

@article{Rosenthal2012:awareness,
  author={Rosenthal, David},
  title={Higher-order awareness, misrepresentation and function},
  journal={Philosophical Transactions of the Royal Society B: Biological Sciences},
  year={2012},
  volume={367},
  number={1594},
  pages={1424-1438}
}

@article{Kepecs2012:computational,
  author={Kepecs, Adam and Mainen, Zachary F.},
  title={A computational framework for the study of confidence in humans and animals},
  journal={Philosophical Transactions of the Royal Society B: Biological Sciences},
  year={2012},
  volume={367},
  number={1594},
  pages={1322-1337}
}

@article{Chua2009:neural,
  author={Chua, E.F. and Schacter, D.L. and Sperling, R.A.},
  title={Neural correlates of metamemory: a comparison of feeling-of-knowing and retrospective confidence judgments},
  journal={Journal of cognitive neuroscience},
  year={2009},
  volume={21},
  number={9},
  pages={1751--1765}
}

@article{Chua2006:understanding,
  author={Chua, E.F. and Schacter, D.L. and Rand-Giovannetti, E. and Sperling, R.A. and others},
  title={Understanding metamemory: Neural correlates of the cognitive process and subjective level of confidence in recognition memory},
  journal={Neuroimage},
  year={2006},
  volume={29},
  number={4},
  pages={1150--1160}
}

@article{Vilares2011,
  author={Vilares, Iris and Kording, Konrad},
  title={Bayesian models: the structure of the world, uncertainty, behavior, and the brain},
  journal={Annals of the New York Academy of Sciences},
  year={2011},
  volume={1224},
  number={1},
  pages={22--39}
}

@article{Kalin2012:clojure,
  author={Kalin, M. and Miller, D.},
  title={Clojure for Number Crunching on Multicore Machines},
  journal={Computing in Science Engineering},
  year={2012},
  volume={14},
  number={6},
  pages={12 -23},
  month={nov.-dec.}
}

@book{Okasaki1999:functional,
  author={Okasaki, C.},
  title={Purely functional data structures},
  publisher={Cambridge University Press},
  year={1999}
}

@phdthesis{Byrd2009:kanren,
  author={Byrd, W.E.},
  title={Relational programming in miniKanren| Techniques, applications, and implementations},
  school={Indiana University},
  year={2009}
}

@book{Halloway2009:clojure,
  author={Halloway, Stuart},
  title={Programming Clojure},
  publisher={Pragmatic Bookshelf},
  year={2009},
  edition={1st}
}

@inproceedings{Moseley2006:tar_pit,
  author={Moseley, B. and Marks, P.},
  title={Out of the Tar Pit},
  booktitle={SOFTWARE PRACTICE ADVANCEMENT (SPA)},
  year={2006}
}

@article{Mccarthy1960:lisp,
  author={McCarthy, J.},
  title={Recursive functions of symbolic expressions and their computation by machine, Part I},
  journal={Communications of the ACM},
  year={1960},
  volume={3},
  number={4},
  pages={184--195}
}

@article{Rett2011:linoleic_acid,
  author={Rett, B.S. and Whelan, J.},
  title={Increasing dietary linoleic acid does not increase tissue arachidonic acid content in adults consuming Western-type diets: a systematic review},
  journal={Nutrition \& Metabolism},
  year={2011},
  volume={8},
  number={1},
  pages={36}
}

@article{Hecht2012,
  author={David K. Hecht},
  title={How to make a villain: Rachel Carson and the politics of anti-environmentalism},
  journal={Endeavour},
  year={2012},
  number={0},
  pages={-}
}

@article{Vail2012,
  author={David D. Vail},
  title={Toxic fables: the advertising and marketing of agricultural chemicals in the great plains, 1945â€“1985},
  journal={Endeavour},
  year={inpress},
  number={0},
  pages={-}
}

@article{Cordell2009:phosphorous,
  author={Dana Cordell and Jan-Olof Drangert and Stuart White},
  title={The story of phosphorus: Global food security and food for thought},
  journal={Global Environmental Change},
  year={2009},
  volume={19},
  number={2},
  pages={292 -- 305}
}

@book{Dominik2010:org,
  author={Carsten Dominik},
  title={The Org-Mode 7 Reference Manual: Organize Your Life with GNU Emacs},
  publisher={Network Theory},
  year={2010},
  address={UK},
  note={with contributions by David O'Toole, Bastien Guerry, Philip Rooke, Dan Davison, Eric Schulte, and Thomas Dye}
}
